@article{world2008information,
	title={Information available at http://www. who. int/mediacentre/factsheets/fs311/en/index. html},
	author={World Health Organization (WHO) and others},
	journal={Accessed November},
	year={2008}
}

%[2]http://www.researchgate.net/publication/220542988_Mobile_Recommender_Systems

%[3]J. Ben Schafer, Joseph Konstan, and John Riedi. Recommender systems in e-commerce. In Proceedings of the 1st ACM conference on Electronic commerce, EC ’99, page 158–166, New York, NY, USA, 1999. ACM. URL: http://doi.acm.org/ 10.1145/336992.337035, doi:10.1145/336992.337035.

%[4][Resnick and Varian, 1997] Resnick, P. and Varian, H. R. (1997). Recommender systems. Communications of the ACM, 40(3):56–58.

%[Burke, 2007] Burke, R. (2007). Hybrid web recommender systems. In The Adaptive Web, pages 377–408. Springer Berlin / Heidelberg.

%http://ccs.mit.edu/papers/CCSWP165.html
%[ Francesco Ricci and Lior Rokach and Bracha Shapira, Introduction to Recommender Systems Handbook, Recommender Systems Handbook, Springer, 2011, pp. 1-35] http://www.inf.unibz.it/~ricci/papers/intro-rec-sys-handbook.pdf

%59. Mahmood,T.,Ricci,F.:Towardslearninguser-adaptivestatemodelsinaconversationalrec- ommender system. In: A. Hinneburg (ed.) LWA 2007: Lernen - Wissen - Adaption, Halle, September 2007, Workshop Proceedings, pp. 373–378. Martin-Luther-University Halle- Wittenberg (2007)

%Ben-Shimon,D.,Tsikinovsky,A.,Rokach,L.,Meisels,A.,Shani,G.,Naamani,L.:Recom- mender system from personal social networks. In: K. Wegrzyn-Wolska, P.S. Szczepaniak (eds.) AWIC, Advances in Soft Computing, vol. 43, pp. 47–55. Springer (2007)

%Sinha, R.R., Swearingen, K.: Comparing recommendations made by online systems and friends. In: DELOS Workshop: Personalisation and Recommender Systems in Digital Li- braries (2001)

%Burke,R.:Hybridwebrecommendersystems.In:TheAdaptiveWeb,pp.377–408.Springer Berlin / Heidelberg (2007)

%http://ids.csom.umn.edu/faculty/gedas/NSFCareer/CARS-chapter-2010.pdf

@article{suchman1986plans,
	title={Plans and situated actions},
	author={Suchman, Lucy and Reconfigurations, Human-Machine},
	journal={New York, Cambridge University},
	year={1986}
}

@incollection{adomavicius2011context,
	title={Context-aware recommender systems},
	author={Adomavicius, Gediminas and Tuzhilin, Alexander},
	booktitle={Recommender systems handbook},
	pages={217--253},
	year={2011},
	publisher={Springer}
}
